<?xml version="1.0" encoding="UTF-8"?><record xmlns="http://www.loc.gov/MARC21/slim" xmlns:cinclude="http://apache.org/cocoon/include/1.0" xmlns:zs="http://www.loc.gov/zing/srw/">
  <leader>00402nz  a2200121n  4500</leader>
  <controlfield tag="001">n  94007635 </controlfield>
  <controlfield tag="003">DLC</controlfield>
  <controlfield tag="005">19940127083340.9</controlfield>
  <controlfield tag="008">940127n| acannaab|          |n aaa |||  </controlfield>
  <datafield tag="010" ind1=" " ind2=" ">
    <subfield code="a">n  94007635 </subfield>
  </datafield>
  <datafield tag="040" ind1=" " ind2=" ">
    <subfield code="a">DLC</subfield>
    <subfield code="c">DLC</subfield>
  </datafield>
  <datafield tag="100" ind1="1" ind2="0">
    <subfield code="a">Heaton, Samuel,</subfield>
    <subfield code="d">1832-1872</subfield>
  </datafield>
  <datafield tag="670" ind1=" " ind2=" ">
    <subfield code="a">NUCMC data from Historical Society of Cheshire County Library for Heaton family. Papers, 1762-1873</subfield>
    <subfield code="b">(Samuel Heaton; 1832-1872; Keene, N.H.)</subfield>
  </datafield>
</record>